@misc{TeXFAQ,
  author =        {{UK \TeX{} Users Group}},
  howpublished =  {\url{http://www.tex.ac.uk}},
  title =         {{UK} List of {\TeX} Frequently Asked Questions},
  year =          {2016},
}

@Manual{Downes04:amsart,
  title = 	 {The \textsf{amsart}, \textsf{amsproc}, and 
                  \textsf{amsbook} document~classes},
  author =	 {Michael Downes and Barbara Beeton},
  organization = {American Mathematical Society},
  year =	 2004,
  month =        {August},
  note =	 {\url{http://www.ctan.org/pkg/amslatex}}
}

@Manual{instr-l,
  title = 	 {Instructions for Preparation of Papers and
                  Monographs, {AMS\LaTeX}},
  organization = {American Mathematical Society},
  month =	 {August},
  year =	 2004,
  note =	 {\url{http://www.ctan.org/pkg/amslatex}}
}

@Manual{Fiorio15,
  title = 	 {{a}lgorithm2e.sty---package for algorithms},
  author =	 {Cristophe Fiorio},
  month =	 {October},
  year =	 2015,
  annote =	 {\url{http://www.ctan.org/pkg/algorithm2e}}
}

@Manual{Brito09,
  title = 	 {The algorithms bundle},
  author =	 {Rog\'erio Brito},
  month =	 {August},
  year =	 2009,
  annote =	 {\url{http://www.ctan.org/pkg/algorithms}}
}


@Manual{Heinz15,
  title = 	 {The Listings Package},
  author =	 {Carsten Heinz and Brooks Moses and Jobst Hoffmann},
  month =	 {June},
  year =	 2015,
  note =	 {\url{http://www.ctan.org/pkg/listings}}
}

@Manual{Fear05,
  title = 	 {Publication quality tables in {\LaTeX}},
  author =	 {Simon Fear},
  month =	 {April},
  year =	 2005,
  note =	 {\url{http://www.ctan.org/pkg/booktabs}}
}

@Manual{ACMIdentityStandards,
  title = 	 {{ACM} Visual Identity Standards},
  organization = {Association for Computing Machinery},
  year =	 2007
}

@Manual{Sommerfeldt13:Subcaption,
  title = 	 {The subcaption package},
  author = 	 {Axel Sommerfeldt},
  month = 	 {April},
  year = 	 2013,
  note = 	 {\url{http://www.ctan.org/pkg/subcaption}},
}


@Manual{Nomencl,
  title = 	 {A package to create a nomenclature},
  author = 	 {Boris Veytsman and Bern Schandl and Lee Netherton
                  and CV Radhakrishnan},
  month = 	 {September},
  note = 	 {\url{http://www.ctan.org/pkg/nomencl}},
  year = 	 2005}

@Manual{Talbot16:Glossaries,
  title = 	 {User Manual for glossaries.sty v4.25},
  author = 	 {Nicola L. C. Talbot},
  month = 	 {June},
  year = 	 2016,
  note = 	 {\url{http://www.ctan.org/pkg/subcaption}}}

