% Encoding: UTF-8
@inproceedings{thomas2015ad,
	title={Ad injection at scale: Assessing deceptive advertisement modifications},
	author={Thomas, Kurt and Bursztein, Elie and Grier, Chris and Ho, Grant and Jagpal, Nav and Kapravelos, Alexandros and McCoy, Damon and Nappa, Antonio and Paxson, Vern and Pearce, Paul and others},
	booktitle={IEEE S\&P},
	year={2015},
}

@inproceedings{kharraz2016unveil,
	title={UNVEIL: A Large-Scale, Automated Approach to Detecting Ransomware.},
	author={Kharraz, Amin and Arshad, Sajjad and Mulliner, Collin and Robertson, William K and Kirda, Engin},
	booktitle={USENIX Security},
	year={2016}
}

@Misc{		  virustotal,
  title		= "{VirusTotal}",
  howpublished	= {URL: https://www.virustotal.com/}
}

@Misc{		  bigcode,
  title		= "{learnbigcode}",
  howpublished	= {URL: http://learnbigcode.github.io/}
}

@Misc{		  hacker-vt,
  author = {ZETTER, KIM},
  title		= "{A Google Site Meant to Protect You Is Helping Hackers Attack You}",
  howpublished	= {URL: https://www.wired.com/2014/09/how-hackers-use-virustotal/}
}

@Misc{      avtest,
  author = {AV-TEST},
  title   = "{Malware Statistics}",
  howpublished  = {URL: https://www.av-test.org/en/statistics/malware/}
}

@Misc{      kaspersky,
  author = {Kaspersky},
  title   = "{Kaspersky Security Bulletin 2015 }",
  howpublished  = {URL: https://securelist.com/analysis/kaspersky-security-bulletin/73038/kaspersky-security-bulletin-2015-overall-statistics-for-2015/}
}

@Misc{      cassandra,
  author = {Cassandra},
  title   = "{Apache Cassandra database}",
  howpublished  = {URL: http://cassandra.apache.org/}
}

@Misc{      microsoft,
  author = {Microsoft Malware Protection Center},
  title   = "{Naming malware}",
  howpublished  = {URL: www.microsoft.com/security/portal/mmpc/shared/malwarenaming.aspx}
}

@Misc{      Lastline,
  author = {Giovanni Vigna},
  title   = "{Antivirus Isn't Dead, It Just Can't Keep Up}",
  howpublished  = {URL: http://labs.lastline.com/lastline-labs-av-isnt-dead-it-just-cant-keep-up}
}

@Misc{      hcluster,
  author = {Wikipedia},
  title   = "{Hierarchical clustering}",
  howpublished  = {URL: https://en.wikipedia.org/wiki/Hierarchical\_clustering}
}

@Misc{      ransomware,
  author = {Danny Palmer},
  title   = "{This ransomware is now one of the three most common malware threats}",
  howpublished  = {URL: http://www.zdnet.com/article/this-ransomware-is-now-one-of-the-three-most-common-malware-threats/}
}



@Misc{      single-link,
  author = {Wikipedia},
  title   = "{Single-linkage clustering}",
  howpublished  = {URL: https://en.wikipedia.org/wiki/Single-linkage\_clustering}
}



@Misc{      mae,
  author = {Wikipedia},
  title   = "{Mean absolute error}",
  howpublished  = {URL: https://en.wikipedia.org/wiki/Mean\_absolute\_error}
}

@Misc{      mse,
  author = {Wikipedia},
  title   = "{Mean squared error}",
  howpublished  = {URL: https://en.wikipedia.org/wiki/Mean\_squared\_error}
}

@Misc{      knn,
  author = {Wikipedia},
  title   = "{k-nearest neighbors algorithm}",
  howpublished  = {URL: https://en.wikipedia.org/wiki/K-nearest\_neighbors\_algorithm}
}

@Misc{      vt-usage,
  author = {Comodo Security Solutions},
  title   = "{VirusTotal Access to be Limited: Google}",
  howpublished  = {URL: https://antivirus.comodo.com/blog/computer-safety/virustotal-access-to-be-limited-google/}
}

@inproceedings{cylance,
 author = {Davis, Andrew and Wolff, Matt },
 title = {Deep Learning on Disassembly Data},
 series = {BlackHat},
 year = {2015},
} 

@inproceedings{vendors-study,
 author = {Gashi, Ilir and Stankovic, Vladimir and Leita,  Corrado and Thonnard, Olivier},
 title = {An Experimental Study of Diversity with Off-the-Shelf AntiVirus Enginess},
 series = {NCA},
 year = {2009},
} 


@inproceedings{spark,
 author = {Zaharia, Matei and Chowdhury, Mosharaf and Franklin, Michael J. and Shenker, Scott and Stoica, Ion},
 title = {Spark: Cluster Computing with Working Sets},
 booktitle = {HotCloud},
 year = {2010},
} 





@inproceedings{   big-lessons,
  author	= "Pavol Bielik and Veselin Raychev and Martin Vechev",
  title		= "{Programming with ``Big Code'': Lessons, Techniques and Applications}",
  booktitle	= "SNAPL",
  year		= "2015",
}


@inproceedings{code-completion,
 author = {Raychev, Veselin and Vechev, Martin and Yahav, Eran},
 title = {Code Completion with Statistical Language Models},
 booktitle = {PLDI},
 year = {2014},
}

@inproceedings{big-translation,
 author = {Karaivanov, Svetoslav and Raychev, Veselin and Vechev, Martin},
 title = {Phrase-Based Statistical Translation of Programming Languages},
 booktitle = {Onward!},
 year = {2014},
} 

@inproceedings{big-predicting,
 author = {Raychev, Veselin and Vechev, Martin and Krause, Andreas},
 title = {Predicting Program Properties from "Big Code"},
 booktitle = {POPL},
 year = {2015},
} 

@inproceedings{rajab2013camp,
	title={CAMP: Content-Agnostic Malware Protection.},
	author={Rajab, Moheeb Abu and Ballard, Lucas and Lutz, No{\'e} and Mavrommatis, Panayiotis and Provos, Niels},
	booktitle={NDSS},
	year={2013}
}

@inproceedings{wressnegger2017looking,
	title={Looking Back on Three Years of Flash-based Malware},
	author={Wressnegger, Christian and Rieck, Konrad},
	booktitle={EuroSec},
	year={2017},
}
@inproceedings{neeles,
 author = {Graziano, Mariano and Canali, Davide and Bilge, Leyla and Lanzi, Andrea and Balzarotti, Davide},
 title = {Needles in a Haystack: Mining Information from Public Dynamic Analysis Sandboxes for Malware Intelligence},
 booktitle = {USENIX Security},
 year = {2015},
} 

@inproceedings{GuoICSE2010,
 author = {Guo, Philip J. and Zimmermann, Thomas and Nagappan, Nachiappan and Murphy, Brendan},
 title = {Characterizing and Predicting Which Bugs Get Fixed: An Empirical Study of {Microsoft Windows}},
 booktitle = {ICSE},
 year = {2010},
}

@inproceedings{ZhouSP2012,
 author = {Zhou, Yajin and Jiang, Xuxian},
 title = {Dissecting Android Malware: Characterization and Evolution},
 booktitle = {IEEE S\&P},
 series = {SP '12},
 year = {2012},

} 

@inproceedings{GuptaComsnets2009,
 author = {Gupta, Archit and Kuppili, Pavan and Akella, Aditya and Barford, Paul},
 title = {An Empirical Study of Malware Evolution},
 booktitle = {COMSNETS},
 year = {2009},
} 

@inproceedings{SongAPsys2016,
 author = {Song, Linhai and Huang, Heqing and Zhou, Wu and Wu, Wenfei and Zhang, Yiying},
 title = {Learning from Big Malwares},
 booktitle = {APSys},
 year = {2016},
} 

@inproceedings{huangvt2016bigdata,
 author = {Huang, Heqing and Zheng, Cong and Zeng, Junyuan and Zhou, Wu and Zhu, Sencun and Liu, Peng and
 Chari, Suresh and Zhang, Ce},
 title = {Android Malware Development on Public Malware Scanning Platforms: A Large-scale Data-driven Study},
 booktitle = {Big Data},
 year = {2016},
} 

@inproceedings{Influence,
 author = {Goyal, Amit and Bonchi, Francesco and Lakshmanan, Laks V.S.},
 title = {Learning Influence Probabilities in Social Networks},
 booktitle = {WSDM},
 year = {2010},
} 

@inproceedings{betterGT,
 author = {Kantchelian, Alex and Tschantz, Michael Carl and Afroz, Sadia and Miller, Brad and Shankar, Vaishaal and Bachwani, Rekha and Joseph, Anthony D. and Tygar, J. D.},
 title = {Better Malware Ground Truth: Techniques for Weighting Anti-Virus Vendor Labels},
 booktitle = {AISec},
 year={2015},
} 

@article{ssdeep,
 author = {Kornblum, Jesse},
 title = {Identifying Almost Identical Files Using Context Triggered Piecewise Hashing},
 journal = {Digit. Investig.},
 year = {2006},
} 

@inproceedings{clustering-purpose,
 author = {Zhang, Kai and Tsang, Ivor W. and Kwok, James T.},
 title = {Improved Nystr\"{O}M Low-rank Approximation and Error Analysis},
 booktitle = {ICML},
 year = {2008},
} 

@misc{malwr,
  title = "Malwr",
  howpublished = {https://malwr.com/},
}
 
@misc{vxstream,
  title = "VxStream",
  howpublished = {https://www.hybrid-analysis.com/},
}

@misc{anubis,
  title = "{Anubis and Wepawet Discontinued}",
  howpublished = {http://anubis.iseclab.org/},
}

@InProceedings{arp2014drebin,
  author    = {Arp, Daniel and Spreitzenbarth, Michael and Hubner, Malte and Gascon, Hugo and Rieck, Konrad and Siemens, CERT},
  title     = {DREBIN: Effective and Explainable Detection of Android Malware in Your Pocket.},
  booktitle = {NDSS},
  year      = {2014},
}

@InProceedings{bakshy2012role,
  author       = {Bakshy, Eytan and Rosenn, Itamar and Marlow, Cameron and Adamic, Lada},
  title        = {The role of social networks in information diffusion},
  booktitle    = {WWW},
  year         = {2012},
}

@InProceedings{bayer2009scalable,
  author       = {Bayer, Ulrich and Comparetti, Paolo Milani and Hlauschek, Clemens and Kruegel, Christopher and Kirda, Engin},
  title        = {Scalable, behavior-based malware clustering.},
  booktitle    = {NDSS},
  year         = {2009},
}

@InProceedings{carmony2016extract,
  author    = {Carmony, Curtis and Hu, Xunchao and Yin, Heng and Bhaskar, Abhishek Vasisht and Zhang, Mu},
  title     = {Extract Me If You Can: Abusing PDF Parsers in Malware Detectors.},
  booktitle = {NDSS},
  year      = {2016},
}

@InProceedings{ford2009analyzing,
  author       = {Ford, Sean and Cova, Marco and Kruegel, Christopher and Vigna, Giovanni},
  title        = {Analyzing and detecting malicious flash advertisements},
  booktitle    = {ACSAC},
  year         = {2009},
}

@InProceedings{jiang2012dissecting,
  author       = {Jiang, Xuxian and Zhou, Yajin},
  title        = {Dissecting android malware: Characterization and evolution},
  booktitle    = {IEEE S\&P},
  year         = {2012},
}

@InProceedings{kempe2003maximizing,
  author       = {Kempe, David and Kleinberg, Jon and Tardos, {\'E}va},
  title        = {Maximizing the spread of influence through a social network},
  booktitle    = {SIGKDD},
  year         = {2003},
}

@InProceedings{xu2014autoprobe,
  author       = {Xu, Zhaoyan and Nappa, Antonio and Baykov, Robert and Yang, Guangliang and Caballero, Juan and Gu, Guofei},
  title        = {Autoprobe: Towards automatic active malicious server probing using dynamic binary analysis},
  booktitle    = {CCS},
  year         = {2014},
}

@InProceedings{xue2015detection,
  author       = {Xue, Yinxing and Wang, Junjie and Liu, Yang and Xiao, Hao and Sun, Jun and Chandramohan, Mahinthan},
  title        = {Detection and classification of malicious JavaScript via attack behavior modeling},
  booktitle    = {ISSTA},
  year         = {2015},
}


#vt used as a component
@inproceedings{vt-component-1,
 author = {Hammad, Mahmoud and Garcia, Joshua and Malek, Sam},
 title = {A Large-scale Empirical Study on the Effects of Code Obfuscations on Android Apps and Anti-malware Products},
 booktitle = {ICSE},
 year = {2018},
} 

@inproceedings{vt-component-2,
 author = {Spreitzenbarth, Michael and Freiling, Felix and Echtler, Florian and Schreck, Thomas and Hoffmann, Johannes},
 title = {Mobile-sandbox: Having a Deeper Look into Android Applications},
 booktitle = {SAC},
 year = {2013},
} 

@inproceedings{vt-component-3,
 author = {Stringhini, Gianluca and Hohlfeld, Oliver and Kruegel, Christopher and Vigna, Giovanni},
 title = {The Harvester, the Botmaster, and the Spammer: On the Relations Between the Different Actors in the Spam Landscape},
 booktitle = {ASIA CCS},
 year = {2014},
} 

#not use vt
@inproceedings{not-use-1,
 author = {Jagpal, Nav and Dingle, Eric and Gravel, Jean-Philippe and Mavrommatis, Panayiotis and Provos, Niels and Rajab, Moheeb Abu and Thomas, Kurt},
 title = {Trends and Lessons from Three Years Fighting Malicious Extensions},
 booktitle = {USENIX Security},
 year = {2015},
} 

#android apk
@inproceedings{android-1,
 author = {Chen, Kai and Wang, Peng and Lee, Yeonjoon and Wang, XiaoFeng and Zhang, Nan and Huang, Heqing and Zou, Wei and Liu, Peng},
 title = {Finding Unknown Malice in 10 Seconds: Mass Vetting for New Threats at the Google-play Scale},
 booktitle = {USENIX Security},
 year = {2015},
}

#email?
@inproceedings{email-vt-1,
 author = {Le Blond, Stevens and Uritesc, Adina and Gilbert, C{\'e}dric and Chua, Zheng Leong and Saxena, Prateek and Kirda, Engin},
 title = {A Look at Targeted Attacks Through the Lense of an NGO},
 booktitle = {USENIX Security},
 year = {2014},
} 

@inproceedings{pe-vt-1,
 author = {Kim, Doowon and Kwon, Bum Jun and Dumitra\c{s}, Tudor},
 title = {Certified Malware: Measuring Breaches of Trust in the Windows Code-Signing PKI},
 booktitle = {CCS},
 year = {2017},
} 

@inproceedings{pe-vt-2,
 author = {Sun, Bo and Fujino, Akinori and Mori, Tatsuya},
 title = {POSTER: Toward Automating the Generation of Malware Analysis Reports Using the Sandbox Logs},
 booktitle = {CCS},
 year = {2016},
} 

@inproceedings{pdf-vt-1,
 author = {Tzermias, Zacharias and Sykiotakis, Giorgos and Polychronakis, Michalis and Markatos, Evangelos P.},
 title = {Combining Static and Dynamic Analysis for the Detection of Malicious Documents},
 booktitle = {EuroSEC},
 year = {2011},
} 