@Misc{		  virustotal,
  title		= "{VirusTotal}",
  howpublished	= {URL: https://www.virustotal.com/}
}

@Misc{		  bigcode,
  title		= "{learnbigcode}",
  howpublished	= {URL: http://learnbigcode.github.io/}
}

@Misc{		  hacker-vt,
  author = {ZETTER, KIM},
  title		= "{A Google Site Meant to Protect You Is Helping Hackers Attack You}",
  howpublished	= {URL: https://www.wired.com/2014/09/how-hackers-use-virustotal/}
}

@Misc{      avtest,
  author = {AV-TEST},
  title   = "{Malware Statistics}",
  howpublished  = {URL: https://www.av-test.org/en/statistics/malware/}
}

@Misc{      kaspersky,
  author = {Kaspersky},
  title   = "{Kaspersky Security Bulletin 2015 }",
  howpublished  = {URL: https://securelist.com/analysis/kaspersky-security-bulletin/73038/kaspersky-security-bulletin-2015-overall-statistics-for-2015/}
}

@Misc{      cassandra,
  author = {Cassandra},
  title   = "{Apache Cassandra database}",
  howpublished  = {URL: http://cassandra.apache.org/}
}

@Misc{      microsoft,
  author = {Microsoft Malware Protection Center},
  title   = "{Naming malware}",
  howpublished  = {URL: https://www.microsoft.com/security/portal/mmpc/shared/malwarenaming.aspx}
}

@article{space-saving,
 author = {Metwally, Ahmed and Agrawal, Divyakant and Abbadi, Amr El},
 title = {An Integrated Efficient Solution for Computing Frequent and Top-k Elements in Data Streams},
 journal = {ACM Trans. Database Syst.},
 issue_date = {September 2006},
 volume = {31},
 number = {3},
 month = sep,
 year = {2006},
 issn = {0362-5915},
 pages = {1095--1133},
 numpages = {39},
 url = {http://doi.acm.org/10.1145/1166074.1166084},
 doi = {10.1145/1166074.1166084},
 acmid = {1166084},
 publisher = {ACM},
 address = {New York, NY, USA},
 keywords = {Data streams, Zipfian data, advertising networks, approximate queries, continuous queries, exact queries, frequent elements, top-k elements},
} 

@inproceedings{hot-calling-context,
 author = {D'Elia, Daniele Cono and Demetrescu, Camil and Finocchi, Irene},
 title = {Mining Hot Calling Contexts in Small Space},
 booktitle = {Proceedings of the 32Nd ACM SIGPLAN Conference on Programming Language Design and Implementation},
 series = {PLDI '11},
 year = {2011},
 isbn = {978-1-4503-0663-8},
 location = {San Jose, California, USA},
 pages = {516--527},
 numpages = {12},
 url = {http://doi.acm.org/10.1145/1993498.1993559},
 doi = {10.1145/1993498.1993559},
 acmid = {1993559},
 publisher = {ACM},
 address = {New York, NY, USA},
 keywords = {data streaming algorithms, dynamic program analysis, frequent items, performance profiling, program instrumentation},
} 

@inproceedings{predicting,
 author = {Kim, Sunghun and Zimmermann, Thomas and Whitehead Jr., E. James and Zeller, Andreas},
 title = {Predicting Faults from Cached History},
 booktitle = {Proceedings of the 29th International Conference on Software Engineering},
 series = {ICSE '07},
 year = {2007},
 isbn = {0-7695-2828-7},
 pages = {489--498},
 numpages = {10},
 url = {http://dx.doi.org/10.1109/ICSE.2007.66},
 doi = {10.1109/ICSE.2007.66},
 acmid = {1248881},
 publisher = {IEEE Computer Society},
 address = {Washington, DC, USA},
} 

@inproceedings{   big-lessons,
  author	= "Pavol Bielik and Veselin Raychev and Martin Vechev",
  title		= "{Programming with ``Big Code'': Lessons, Techniques and Applications}",
  booktitle	= "SNAPL",
  year		= "2015",
}


@inproceedings{code-completion,
 author = {Raychev, Veselin and Vechev, Martin and Yahav, Eran},
 title = {Code Completion with Statistical Language Models},
 booktitle = {Proceedings of the 35th ACM SIGPLAN Conference on Programming Language Design and Implementation},
 series = {PLDI '14},
 year = {2014},
 isbn = {978-1-4503-2784-8},
 location = {Edinburgh, United Kingdom},
 pages = {419--428},
 numpages = {10},
 url = {http://doi.acm.org/10.1145/2594291.2594321},
 doi = {10.1145/2594291.2594321},
 acmid = {2594321},
 publisher = {ACM},
 address = {New York, NY, USA},
}

@inproceedings{big-translation,
 author = {Karaivanov, Svetoslav and Raychev, Veselin and Vechev, Martin},
 title = {Phrase-Based Statistical Translation of Programming Languages},
 booktitle = {Proceedings of the 2014 ACM International Symposium on New Ideas, New Paradigms, and Reflections on Programming \& Software},
 series = {Onward! 2014},
 year = {2014},
 isbn = {978-1-4503-3210-1},
 location = {Portland, Oregon, USA},
 pages = {173--184},
 numpages = {12},
 url = {http://doi.acm.org/10.1145/2661136.2661148},
 doi = {10.1145/2661136.2661148},
 acmid = {2661148},
 publisher = {ACM},
 address = {New York, NY, USA},
 keywords = {programming language translation, statistical machine translation},
} 

@inproceedings{big-predicting,
 author = {Raychev, Veselin and Vechev, Martin and Krause, Andreas},
 title = {Predicting Program Properties from "Big Code"},
 booktitle = {Proceedings of the 42Nd Annual ACM SIGPLAN-SIGACT Symposium on Principles of Programming Languages},
 series = {POPL '15},
 year = {2015},
 isbn = {978-1-4503-3300-9},
 location = {Mumbai, India},
 pages = {111--124},
 numpages = {14},
 url = {http://doi.acm.org/10.1145/2676726.2677009},
 doi = {10.1145/2676726.2677009},
 acmid = {2677009},
 publisher = {ACM},
 address = {New York, NY, USA},
 keywords = {big code, closure compiler, conditional random fields, javascript, names, program properties, structured prediction, types},
} 

@inproceedings{neeles,
 author = {Graziano, Mariano and Canali, Davide and Bilge, Leyla and Lanzi, Andrea and Balzarotti, Davide},
 title = {Needles in a Haystack: Mining Information from Public Dynamic Analysis Sandboxes for Malware Intelligence},
 booktitle = {Proceedings of the 24th USENIX Conference on Security Symposium},
 series = {SEC'15},
 year = {2015},
 isbn = {978-1-931971-232},
 location = {Washington, D.C.},
 pages = {1057--1072},
 numpages = {16},
 url = {http://dl.acm.org/citation.cfm?id=2831143.2831210},
 acmid = {2831210},
 publisher = {USENIX Association},
 address = {Berkeley, CA, USA},
} 

@inproceedings{GuoICSE2010,
 author = {Guo, Philip J. and Zimmermann, Thomas and Nagappan, Nachiappan and Murphy, Brendan},
 title = {Characterizing and Predicting Which Bugs Get Fixed: An Empirical Study of {Microsoft Windows}},
 booktitle = {Proceedings of the 32nd ACM/IEEE International Conference on Software Engineering - Volume 1},
 series = {ICSE '10},
 year = {2010},
 isbn = {978-1-60558-719-6},
 location = {Cape Town, South Africa},
 pages = {495--504},
 numpages = {10},
 url = {http://doi.acm.org/10.1145/1806799.1806871},
 doi = {10.1145/1806799.1806871},
 acmid = {1806871},
 publisher = {ACM},
 address = {New York, NY, USA},
}

@inproceedings{ZhouSP2012,
 author = {Zhou, Yajin and Jiang, Xuxian},
 title = {Dissecting Android Malware: Characterization and Evolution},
 booktitle = {Proceedings of the 2012 IEEE Symposium on Security and Privacy},
 series = {SP '12},
 year = {2012},
 isbn = {978-0-7695-4681-0},
 pages = {95--109},
 numpages = {15},
 url = {http://dx.doi.org/10.1109/SP.2012.16},
 doi = {10.1109/SP.2012.16},
 acmid = {2310710},
 publisher = {IEEE Computer Society},
 address = {Washington, DC, USA},
 keywords = {Android malware, smartphone security},
} 

@inproceedings{GuptaComsnets2009,
 author = {Gupta, Archit and Kuppili, Pavan and Akella, Aditya and Barford, Paul},
 title = {An Empirical Study of Malware Evolution},
 booktitle = {Proceedings of the First International Conference on COMmunication Systems And NETworks},
 series = {COMSNETS'09},
 year = {2009},
 isbn = {978-1-4244-2912-7},
 location = {Bangalore, India},
 pages = {356--365},
 numpages = {10},
 url = {http://dl.acm.org/citation.cfm?id=1702135.1702182},
 acmid = {1702182},
 publisher = {IEEE Press},
 address = {Piscataway, NJ, USA},
} 

@inproceedings{SongAPsys2016,
 author = {Song, Linhai and Huang, Heqing and Zhou, Wu and Wu, Wenfei and Zhang, Yiying},
 title = {Learning from Big Malwares},
 booktitle = {Proceedings of the 7th ACM SIGOPS Asia-Pacific Workshop on Systems},
 series = {APSys '16},
 year = {2016},
 isbn = {978-1-4503-4265-0},
 location = {Hong Kong, Hong Kong},
 pages = {12:1--12:8},
 articleno = {12},
 numpages = {8},
 url = {http://doi.acm.org/10.1145/2967360.2967367},
 doi = {10.1145/2967360.2967367},
 acmid = {2967367},
 publisher = {ACM},
 address = {New York, NY, USA},
} 

@inproceedings{huangvt2016bigdata,
 author = {Huang, Heqing and Zheng, Cong and Zeng, Junyuan and Zhou, Wu and Zhu, Sencun and Liu, Peng and
 Chari, Suresh and Zhang, Ce},
 title = {Android Malware Development on Public Malware Scanning Platforms: A Large-scale Data-driven Study},
 booktitle = {Proceedings of the 2016 IEEE International Conference on Big Data (Big Data)},
 series = {BIG DATA '16},
 year = {2016},
 publisher = {IEEE Computer Society},
 address = {Washington, DC, USA},
} 

@inproceedings{Influence,
 author = {Goyal, Amit and Bonchi, Francesco and Lakshmanan, Laks V.S.},
 title = {Learning Influence Probabilities in Social Networks},
 booktitle = {Proceedings of the Third ACM International Conference on Web Search and Data Mining},
 series = {WSDM '10},
 year = {2010},
 isbn = {978-1-60558-889-6},
 location = {New York, New York, USA},
 pages = {241--250},
 numpages = {10},
 url = {http://doi.acm.org/10.1145/1718487.1718518},
 doi = {10.1145/1718487.1718518},
 acmid = {1718518},
 publisher = {ACM},
 address = {New York, NY, USA},
 keywords = {influence, social networks, viral marketing},
} 

@inproceedings{betterGT,
 author = {Kantchelian, Alex and Tschantz, Michael Carl and Afroz, Sadia and Miller, Brad and Shankar, Vaishaal and Bachwani, Rekha and Joseph, Anthony D. and Tygar, J. D.},
 title = {Better Malware Ground Truth: Techniques for Weighting Anti-Virus Vendor Labels},
 booktitle = {Proceedings of the 8th ACM Workshop on Artificial Intelligence and Security},
 series = {AISec '15},
 location = {Denver, Colorado, USA},
 publisher = {ACM},
 address = {New York, NY, USA},
 keywords = {aggregating labels, anti-virus vendors, expectation-maximization, labeling problem},
} 